<record><leader>00000cas a22000007a 4500</leader><controlfield tag="001">18347564</controlfield><controlfield tag="008">880812d187u1942nyuwr ne      0    0eng d</controlfield><datafield ind1=" " ind2=" " tag="010"><subfield code="a">sn 88074662 </subfield></datafield><datafield ind1=" " ind2=" " tag="040"><subfield code="a">NYS</subfield><subfield code="b">eng</subfield><subfield code="c">NYS</subfield><subfield code="d">OCLCQ</subfield></datafield><datafield ind1=" " ind2=" " tag="042"><subfield code="a">msc</subfield></datafield><datafield ind1="0" ind2=" " tag="130"><subfield code="a">Phelps citizen (Phelps, N.Y. : 1877)</subfield></datafield><datafield ind1="1" ind2="4" tag="245"><subfield code="a">The Phelps citizen.</subfield></datafield><datafield ind1=" " ind2=" " tag="260"><subfield code="a">Phelps, N.Y. :</subfield><subfield code="b">Elon G. Salisbury</subfield></datafield><datafield ind1=" " ind2=" " tag="300"><subfield code="a">v.</subfield></datafield><datafield ind1=" " ind2=" " tag="310"><subfield code="a">Weekly</subfield></datafield><datafield ind1="1" ind2=" " tag="362"><subfield code="a">Ceased in 1942.</subfield></datafield><datafield ind1=" " ind2=" " tag="588"><subfield code="a">Description based on: Vol. 45, no. 31 (Aug. 3, 1877).</subfield></datafield><datafield ind1=" " ind2="4" tag="651"><subfield code="a">Phelps (N.Y.)</subfield><subfield code="v">Newspapers.</subfield></datafield><datafield ind1=" " ind2=" " tag="752"><subfield code="a">United States</subfield><subfield code="b">New York</subfield><subfield code="c">Ontario</subfield><subfield code="d">Phelps.</subfield></datafield><datafield ind1="0" ind2="7" tag="780"><subfield code="t">Ontario citizen and news</subfield><subfield code="w">(DLC)sn 85026973</subfield></datafield><datafield ind1="0" ind2="6" tag="780"><subfield code="t">Phelps semi-weekly advertiser</subfield><subfield code="w">(DLC)sn 88074745</subfield><subfield code="w">(OCoLC)18365823</subfield></datafield><datafield ind1="0" ind2="7" tag="785"><subfield code="t">Phelps echo</subfield><subfield code="w">(DLC)sn 88074661</subfield><subfield code="w">(OCoLC)18347449</subfield></datafield><datafield ind1="0" ind2="7" tag="785"><subfield code="t">Phelps citizen-echo</subfield><subfield code="w">(DLC)sn 88074678</subfield><subfield code="w">(OCoLC)18347429</subfield></datafield><datafield ind1="1" ind2=" " tag="029"><subfield code="a">AU@</subfield><subfield code="b">000020531006</subfield></datafield></record>